% This file was created with Citavi 6.15.2.0

@article{Frei.2020,
 abstract = {},
 author = {Frei, Fabian and Rossmanith, Peter and Wehner, David},
 year = {2020},
 title = {An Open Pouring Problem: Schloss Dagstuhl -- Leibniz-Zentrum f{\"u}r Informatik},
 volume = {157},
 journal = {LIPIcs, Volume 157, FUN 2021},
 doi = {10.4230/LIPIcs.FUN.2021.14}
}